%referencias
@ARTICLE{10038280,
  author={Zhou, Boyu and Xu, Hao and Shen, Shaojie},
  journal={IEEE Transactions on Robotics}, 
  title={RACER: Rapid Collaborative Exploration With a Decentralized Multi-UAV System}, 
  year={2023},
  volume={39},
  number={3},
  pages={1816-1835},
  doi={10.1109/TRO.2023.3236945}}
